<?xml version="1.0" encoding="UTF-8"?><collection xmlns="http://www.loc.gov/MARC21/slim"><record><leader>00429nam--2200157-i-4500</leader><controlfield tag="001">000005090</controlfield><controlfield tag="002">20161230</controlfield><controlfield tag="005">20170127214201</controlfield><controlfield tag="008">060222s1000------------r-----000-0-eng-d</controlfield><datafield ind1=" " ind2=" " tag="100"><subfield code="a">Bisi, A</subfield></datafield><datafield ind1=" " ind2=" " tag="245"><subfield code="a">Circular polarization of external brensstrahl ung from beta emitters</subfield></datafield><datafield ind1=" " ind2=" " tag="260"><subfield code="a">Milano</subfield><subfield code="b">Institute Di Fisica Del Politecnico</subfield><subfield code="c">1960</subfield></datafield><datafield ind1=" " ind2=" " tag="300"><subfield code="a">12 p</subfield></datafield><datafield ind1=" " ind2=" " tag="700"><subfield code="a">Zappa, L</subfield></datafield><datafield ind1=" " ind2=" " tag="852"><subfield code="a">7093</subfield></datafield><datafield ind1=" " ind2=" " tag="CAT"><subfield code="a">SYS</subfield><subfield code="c">20170127</subfield><subfield code="h">214201</subfield></datafield></record></collection>